<?xml version="1.0" encoding="UTF-8"?><collection xmlns="http://www.loc.gov/MARC21/slim"><record><leader>00435nam--2200145-i-4500</leader><controlfield tag="001">000049934</controlfield><controlfield tag="002">20161230</controlfield><controlfield tag="005">20161230201047</controlfield><controlfield tag="008">060222s1000------------r-----000-0-eng-d</controlfield><datafield ind1=" " ind2=" " tag="080"><subfield code="a">517.911/912</subfield></datafield><datafield ind1=" " ind2=" " tag="100"><subfield code="a">Babich,V.M. I Buldyrev,V.S</subfield></datafield><datafield ind1=" " ind2=" " tag="245"><subfield code="a">Asimptoticheskie metody v zadachah difrakctsii korotkih voln. metod etalonnyh zadach</subfield></datafield><datafield ind1=" " ind2=" " tag="260"><subfield code="a">MOSKVA, IZD.NAUKA, 1972. 456 p</subfield></datafield><datafield ind1=" " ind2=" " tag="852"><subfield code="a">75861</subfield><subfield code="c">517.9</subfield></datafield><datafield ind1=" " ind2=" " tag="CAT"><subfield code="a">Sys</subfield><subfield code="c">20090515</subfield><subfield code="h">122116</subfield></datafield></record></collection>